<record><leader>00000cas a22000007a 4500</leader><controlfield tag="001">8811010</controlfield><controlfield tag="008">820927d19uu2005lauwr ne      0   a0eng  </controlfield><datafield ind1=" " ind2=" " tag="010"><subfield code="a">sn 82000204 </subfield></datafield><datafield ind1=" " ind2=" " tag="040"><subfield code="a">DLC</subfield><subfield code="b">eng</subfield><subfield code="c">DLC</subfield><subfield code="d">LNP</subfield><subfield code="d">OCLCO</subfield><subfield code="d">OCLCQ</subfield><subfield code="d">OCLCF</subfield></datafield><datafield ind1="1" ind2=" " tag="029"><subfield code="a">AU@</subfield><subfield code="b">000020262905</subfield></datafield><datafield ind1=" " ind2=" " tag="042"><subfield code="a">msc</subfield></datafield><datafield ind1=" " ind2=" " tag="043"><subfield code="a">n-us-la</subfield></datafield><datafield ind1="0" ind2="0" tag="050"><subfield code="a">Newspaper 7946-X</subfield></datafield><datafield ind1="0" ind2="4" tag="245"><subfield code="a">The Hammond vindicator.</subfield></datafield><datafield ind1="3" ind2=" " tag="246"><subfield code="a">Vindicator</subfield><subfield code="f">Sept. 30, 2003-Sept. 1, 2005</subfield></datafield><datafield ind1=" " ind2=" " tag="260"><subfield code="a">Hammond, La. :</subfield><subfield code="b">[s.n.],</subfield><subfield code="c">-2005.</subfield></datafield><datafield ind1=" " ind2=" " tag="300"><subfield code="a">v. :</subfield><subfield code="b">ill. ;</subfield><subfield code="c">69 cm.</subfield></datafield><datafield ind1=" " ind2=" " tag="310"><subfield code="a">Weekly,</subfield><subfield code="b">Feb. 8, 1973-2005</subfield></datafield><datafield ind1=" " ind2=" " tag="321"><subfield code="a">Weekly,</subfield><subfield code="b">&lt;Feb. 4, 1921&gt;-Apr. 17, 1969</subfield></datafield><datafield ind1=" " ind2=" " tag="321"><subfield code="a">Semiweekly,</subfield><subfield code="b">Apr. 21, 1969-Feb. 1, 1973</subfield></datafield><datafield ind1="1" ind2=" " tag="362"><subfield code="a">Ceased on Sept. 1, 2005.</subfield></datafield><datafield ind1=" " ind2=" " tag="500"><subfield code="a">Published in Amite, La., Aug. 18, 1999-</subfield></datafield><datafield ind1=" " ind2=" " tag="580"><subfield code="a">Published to Sept. 3, 2003? Included in Tuesday edition and later Thursday edition of the Daily star (Sept. 30, 2003-Sept. 1, 2005) with its own vol. numbering (v. 114, no. 1-no. 88) and title: Vindicator, a publication of the Daily star.</subfield></datafield><datafield ind1=" " ind2=" " tag="588"><subfield code="a">Description based on: Vol. 28, no. 47 (Feb. 4, 1921).</subfield></datafield><datafield ind1=" " ind2="0" tag="651"><subfield code="a">Hammond (La.)</subfield><subfield code="v">Newspapers.</subfield></datafield><datafield ind1=" " ind2="7" tag="655"><subfield code="a">Newspapers.</subfield><subfield code="2">fast</subfield><subfield code="0">(OCoLC)fst01423814</subfield></datafield><datafield ind1=" " ind2="7" tag="651"><subfield code="a">Louisiana</subfield><subfield code="z">Hammond.</subfield><subfield code="2">fast</subfield><subfield code="0">(OCoLC)fst01216216</subfield></datafield><datafield ind1=" " ind2=" " tag="752"><subfield code="a">United States</subfield><subfield code="b">Louisiana</subfield><subfield code="c">Tangipahoa</subfield><subfield code="d">Amite City.</subfield></datafield><datafield ind1=" " ind2=" " tag="752"><subfield code="a">United States</subfield><subfield code="b">Louisiana</subfield><subfield code="c">Tangipahoa</subfield><subfield code="d">Hammond.</subfield></datafield><datafield ind1="1" ind2="8" tag="777"><subfield code="t">Daily star</subfield><subfield code="g">Sept. 30, 2003-Sept. 1, 2005</subfield><subfield code="w">(DLC)sn 88064662</subfield></datafield><datafield ind1="0" ind2="0" tag="780"><subfield code="t">Southern vindicator</subfield><subfield code="w">(DLC)sn 88064077</subfield></datafield></record>